<?xml version="1.0" encoding="UTF-8"?><collection xmlns="http://www.loc.gov/MARC21/slim"><record><leader>00530nam--2200169-i-4500</leader><controlfield tag="001">000007266</controlfield><controlfield tag="002">20161230</controlfield><controlfield tag="005">20161230201027</controlfield><controlfield tag="008">060222s1000------------r-----000-0-eng-d</controlfield><datafield ind1=" " ind2=" " tag="040"><subfield code="a">IFIN-HH</subfield></datafield><datafield ind1=" " ind2=" " tag="080"><subfield code="a">539.18(091):53(091)</subfield></datafield><datafield ind1="1" ind2=" " tag="100"><subfield code="a">Arons, A.B</subfield></datafield><datafield ind1="1" ind2="0" tag="245"><subfield code="a">Development of concepts of physics. from the rationalization of mechanics to the first theory of atomic structure</subfield><subfield code="c">A.b. arons</subfield></datafield><datafield ind1=" " ind2=" " tag="260"><subfield code="a">Reading, Massachusetts</subfield><subfield code="b">Addison-wesley</subfield><subfield code="c">1965</subfield></datafield><datafield ind1=" " ind2=" " tag="300"><subfield code="a">XX + 972 P</subfield></datafield><datafield ind1=" " ind2=" " tag="852"><subfield code="a">21904</subfield><subfield code="c">53</subfield></datafield><datafield ind1=" " ind2=" " tag="CAT"><subfield code="a">Sys</subfield><subfield code="c">20150218</subfield><subfield code="h">103205</subfield></datafield></record></collection>